@article{cagua2019keystoneness,
  title={Keystoneness, centrality, and the structural controllability of ecological networks},
  author={Cagua, Edgar Fernando and Wootton, Kate L and Stouffer, Daniel B},
  journal={Journal of Ecology},
  volume={107},
  number={4},
  pages={1779--1790},
  year={2019},
  publisher={Wiley Online Library}
}

@article{milo2002shen,
  title={Shen-Orr},
  author={Milo, R and Itzkovitz, S and Kashtan, N and Levitt, R},
  journal={S., Itzkovitz, S., Kashtan, N., Chklovskii, D., Alon, U},
  year={2002}
}

@article{delmas2019analysing,
  title={Analysing ecological networks of species interactions},
  author={Delmas, Eva and Besson, Mathilde and Brice, Marie-H{\'e}l{\`e}ne and Burkle, Laura A and Dalla Riva, Giulio V and Fortin, Marie-Jos{\'e}e and Gravel, Dominique and Guimar{\~a}es Jr, Paulo R and Hembry, David H and Newman, Erica A and others},
  journal={Biological Reviews},
  volume={94},
  number={1},
  pages={16--36},
  year={2019},
  publisher={Wiley Online Library}
}

@article{baguette2013individual,
  title={Individual dispersal, landscape connectivity and ecological networks},
  author={Baguette, Michel and Blanchet, Simon and Legrand, Delphine and Stevens, Virginie M and Turlure, Camille},
  journal={Biological Reviews},
  volume={88},
  number={2},
  pages={310--326},
  year={2013},
  publisher={Wiley Online Library}
}

@misc{statistiquecanada2022 
    author = {Statistique Canada},
    title = {Les municipalités canadiennes avec les croissances et les décroissances les plus rapides de 2016 à 2021},
    year = {2022},
    howpublished = {Disponible sur : \url{ https://www12.statcan.gc.ca/census-recensement/2021/as-sa/98-200-x/2021001/98-200-x2021001-fra.cfm},
    note = {Consulté le : 21 avril 2023}
}

